<?xml version="1.0" encoding="UTF-8"?><collection xmlns="http://www.loc.gov/MARC21/slim"><record><leader>00599nam--2200181-i-4500</leader><controlfield tag="001">000020446</controlfield><controlfield tag="002">20161230</controlfield><controlfield tag="005">20161230201033</controlfield><controlfield tag="008">060222s1000------------r-----000-0-eng-d</controlfield><datafield ind1=" " ind2=" " tag="040"><subfield code="a">IFIN-HH</subfield></datafield><datafield ind1=" " ind2=" " tag="080"><subfield code="a">539.143.43:537.226(061.3)</subfield></datafield><datafield ind1="1" ind2=" " tag="100"><subfield code="a">Servant, R</subfield></datafield><datafield ind1="1" ind2="0" tag="245"><subfield code="a">Electronic magnetic resonance and solid dielectrics</subfield><subfield code="b">Proceedings of the xiith colloque ampere, bordeaux, 17-21 septembre 1963</subfield><subfield code="c">R. servant, a. charru</subfield></datafield><datafield ind1=" " ind2=" " tag="260"><subfield code="a">Amsterdam</subfield><subfield code="b">North-holland Publishing Company</subfield><subfield code="c">1964</subfield></datafield><datafield ind1=" " ind2=" " tag="300"><subfield code="a">XII + 590 P</subfield></datafield><datafield ind1="1" ind2=" " tag="700"><subfield code="a">Charru, A</subfield></datafield><datafield ind1=" " ind2=" " tag="852"><subfield code="a">20420</subfield><subfield code="c">539.143.43</subfield></datafield><datafield ind1=" " ind2=" " tag="CAT"><subfield code="a">Sys</subfield><subfield code="c">20120419</subfield><subfield code="h">134604</subfield></datafield></record></collection>